<?xml version="1.0" encoding="UTF-8"?><collection xmlns="http://www.loc.gov/MARC21/slim"><record><leader>00439nam--2200169-i-4500</leader><controlfield tag="001">000042668</controlfield><controlfield tag="002">20161230</controlfield><controlfield tag="005">20161230201043</controlfield><controlfield tag="008">060222s1000------------r-----000-0-eng-d</controlfield><datafield ind1=" " ind2=" " tag="040"><subfield code="a">IFIN-HH</subfield></datafield><datafield ind1=" " ind2=" " tag="080"><subfield code="a">533.7</subfield></datafield><datafield ind1="1" ind2=" " tag="100"><subfield code="a">Stanyukovich,K.P</subfield></datafield><datafield ind1="1" ind2="0" tag="245"><subfield code="a">Unsteady motion of continous media</subfield><subfield code="c">K.p. stanyukovich</subfield></datafield><datafield ind1=" " ind2=" " tag="260"><subfield code="a">London, Pergamon Press, 1960</subfield></datafield><datafield ind1=" " ind2=" " tag="300"><subfield code="a">XIII + 745 P</subfield></datafield><datafield ind1=" " ind2=" " tag="852"><subfield code="a">77244</subfield><subfield code="c">533.7</subfield></datafield><datafield ind1=" " ind2=" " tag="CAT"><subfield code="a">Sys</subfield><subfield code="c">20100916</subfield><subfield code="h">104353</subfield></datafield></record></collection>